2480 6559
321 1864 476 1929 4·
894 1810 1636 1907 Ona-rto

318 1946 498 2035 fimili
523 1949 582 2010 in
607 1946 1025 2032 consideratione
1051 1960 1135 2010 (ν’
1161 1943 1372 2010 Fabius
1384 1943 1483 2011 lib.
1504 1969 1531 2011 1
1550 1968 1603 2010 1.
1618 1942 1700 2007 his
1710 1940 1927 2008 verbis:
1975 1945 2093 2013 Sed
2107 1946 2147 2014 ii

336 2040 407 2103 iis
432 2038 677 2126 quidem
703 2038 765 2101 in
790 2035 1005 2123 quibus
1029 2033 1124 2102 vel
1127 2035 1354 2128 judici,
1396 2036 1491 2103 vel
1502 2036 1682 2101 etiam
1693 2034 2074 2102 affistentibus
2084 2058 2152 2102 ra·

338 2128 428 2193 tio
450 2126 678 2192 nostrae
702 2124 1124 2191 moderationis
1150 2125 1387 2214 probari
1411 2124 1625 2208 debet,
1649 2125 1848 2191 minor
1866 2123 1954 2190 est
1977 2123 2146 2190 labor

341 2216 464 2281 illic
490 2216 623 2303 plus
648 2211 1047 2298 difficultatis,
1072 2214 1178 2280 ubi
1202 2213 1355 2300 ipsos
1367 2232 1575 2280 contra
1584 2235 1734 2300 quos
1746 2213 2000 2279 dicimus
2010 2233 2158 2278 vere-

343 2327 480 2370 mur
506 2302 829 2369 offcndere.
886 2304 1062 2369 Duae
1075 2301 1247 2369 sunul
1259 2303 1595 2393 hujusmodi
1590 2301 1882 2457 gei-sonae
1895 2303 2161 2369 Ciceronv

340 2416 455 2481 pro
508 2394 767 2458 Murena
802 2392 1025 2459 dicenti
1062 2392 1418 2458 obstiterunt
1465 2393 1564 2458 M.
1651 2392 1839 2458 atonis
1879 2392 2167 2479 Serviique

348 2481 612 2568 Sulpitii.
669 2480 874 2564 Qam
909 2481 1188 2548 decenter
1225 2498 1427 2548 tamen
1465 2480 1727 2568 Sulpitio
1748 2528 1771 2563 ‚
1809 2502 1953 2546 cum
1978 2501 2170 2546 omne=

345 2568 708 2635 conceffiss'et
720 2570 966 2635 virtutes
980 2616 998 2643 ,
1027 2569 1323 2636 scientiam
1335 2568 1921 2657 petendiconsulatus
1930 2569 2174 2652 ademit:

347 2658 495 2746 quid
524 2660 684 2724 enim
709 2658 868 2724 aliud
893 2659 1068 2741 ess‘et,
1094 2681 1216 2748 quo
1230 2659 1286 2725 se
1302 2657 1530 2725 victum
1543 2658 1731 2725 homo
1746 2658 1994 2741 nobiliS‚
2017 2658 2176 2746 &ju-

348 2748 428 2812 ris
453 2747 685 2813 antistes
715 2747 902 2836 magis
913 2745 1124 2813 ferret?
1165 2766 1237 2814 ut
1246 2769 1387 2815 vero
1398 2748 1685 2814 rationem
1698 2746 2050 2813 defensionis
2060 2738 2181 2813 suat

351 2836 652 2903 reddidit?
695 2857 837 2901 cum
862 2836 918 2901 st
943 2835 1220 2903 studuisse
1234 2836 1510 2924 petitioni
1523 2837 1986 2924 Sulpitiicontra
1996 2837 2184 2903 hono-

354 2948 483 2991 rem
510 2927 803 2990 Murenae
817 2970 840 3006 ,
862 2948 987 2991 non
1010 2925 1171 2991 idem
1196 2926 1412 2992 debere
1434 2925 1787 2991 accusationi
1797 2944 2004 2993 contra
2012 2944 2188 3014 caput

356 3014 598 3079 diceret.
655 3014 862 3102 Qam
885 3014 1057 3080 molli
1079 3033 1281 3081 autem
1305 3015 1555 3081 articulo
1576 3014 1843 3082 nudavit
1855 3015 2192 3083 Catonem?

358 3102 555 3192 Cujus
576 3092 844 3171 naturam
868 3102 1097 3169 summe
1117 3103 1436 3170 admiratus
1461 3151 1479 3179 ,
1521 3126 1644 3172 non
1670 3103 1849 3194 ipfius
1871 3108 2021 3174 vitio
2035 3152 2054 3181 ‚
2095 3102 2197 3172 sed

361 3193 603 3258 Stoicae
626 3190 811 3259 sectae
826 3238 845 3266 ,
875 3191 1225 3280 quibusdam
1251 3192 1425 3259 rebus
1449 3193 1659 3261 factam
1686 3195 1986 3261 duriorem
2012 3193 2200 3259 videri

361 3280 599 3347 volebat
610 3327 634 3364 ‚
658 3297 731 3346 ut
743 3282 1007 3348 intereos
1019 3303 1144 3349 non
1154 3280 1441 3350 forensem
1453 3285 1903 3350 contentionem
1917 3328 1942 3365 ,
1963 3281 2063 3348 sed
2078 3281 2202 3347 stu-

358 3369 586 3437 dictam
607 3373 1062 3448 disnwcemuaion
1091 3373 1646 3440 crederesincidissh.
1702 3373 1990 3437 Hfflms
2030 3380 2058 3422 Ι
2076 3376 2200 3429 aias-
