2480 6559
500 1777 632 1837 430
1065 1744 1784 1811 ΟιΑτιο

499 1860 645 1925 bate
671 1876 863 1947 genus
891 1851 1249 1939 adoptionis,
1282 1850 1411 1937 jam
1436 1851 1727 1920 omnium
1760 1851 1938 1923 sacra
1971 1858 2296 1948 interierint,

495 1969 756 2037 quorum
801 1943 1080 2008 custodes
1107 1962 1215 2004 vos
1237 1938 1355 2004 essc
1381 1937 1656 2021 debetiS‚
1705 1946 2024 2030 patricius
2053 1972 2302 2019 nemore·

493 2040 826 2123 linquetur.
876 2053 986 2096 cur
1028 2032 1194 2095 enim
1236 2025 1539 2115 quisquam
1567 2029 1763 2098 vellet
1790 2034 2127 2106 tribunum
2156 2043 2304 2131 plebis

494 2127 552 2191 sc
596 2125 730 2190 fieri
770 2143 896 2186 non
936 2119 1156 2184 licere?
1198 2118 1611 2206 angustiorem
1657 2118 1773 2185 fibi
1822 2123 1956 2190 effe
1985 2132 2306 2217 petitionem

491 2210 888 2279 consulatus?
930 2210 993 2274 in
1036 2205 1437 2274 sacerdotium
1481 2227 1623 2272 cum
1660 2207 1858 2296 poffit
1891 2218 2109 2284 venire
2135 2269 2155 2298 ,
2195 2228 2308 2311 quia

484 2303 740 2391 patricio
768 2321 892 2363 non
922 2297 993 2361 fit
1030 2299 1079 2362 is
1110 2297 1315 2374 locus,
1356 2317 1481 2359 non
1513 2299 1729 2362 venire
1763 2299 1796 2364 ?
1866 2303 1970 2371 Vt
1994 2307 2205 2398 cuique
2225 2313 2310 2378 ali.

482 2390 633 2476 quid
663 2387 987 2465 acciderit,
1014 2405 1200 2473 quare
1227 2384 1608 2449 commodius
1637 2384 1716 2451 fit
1733 2388 1867 2453 effe
1882 2393 2212 2485 plebejum,
2241 2400 2305 2465 fi.

487 2480 618 2543 mili
658 2480 888 2542 ratione
929 2472 1327 2561 adoptabitur.
1375 2474 1459 2537 ita
1486 2475 1758 2561 populus
1786 2479 2127 2552 Romanus
2149 2487 2296 2554 brevi

487 2585 762 2654 tempore
778 2608 799 2644 ‚
830 2584 1032 2648 neque
1045 2584 1256 2651 regem
1273 2560 1569 2627 sacrorum
1587 2607 1608 2641 ,
1626 2585 1853 2652 neque
1873 2570 2165 2659 flamma,
2190 2598 2299 2642 nec

487 2656 653 2720 salios
681 2653 970 2728 habebit,
1013 2672 1124 2716 nec
1155 2672 1232 2714 cx
1262 2669 1428 2737 parte
1459 2651 1722 2718 dimidia
1756 2659 2031 2749 reliquos
2057 2663 2296 2730 sacerdo.

489 2764 611 2810 tes:
657 2763 860 2829 neque
886 2741 1162 2806 auctores
1189 2742 1679 2807 centuriatorum
1708 2744 1783 2809 &
1818 2751 2180 2819 curiatorum
2202 2775 2296 2819 oo·

488 2834 841 2899 mitiorum:
891 2831 1261 2918 auspiciaque
1289 2831 1497 2917 populi
1524 2831 1857 2917 Romani,
1881 2838 1924 2904 fi
1948 2843 2298 2931 magistratus

487 2923 722 3009 patricii
751 2921 943 2985 creati
967 2940 1091 2981 non
1123 2917 1270 2995 sint,
1314 2919 1622 2984 intereant
1657 2927 2034 3011 neceffiest,
2058 2935 2294 2999 cumin·

489 3030 691 3077 terrex
734 3008 931 3074 nullus
960 3006 1069 3086 fit,
1111 3006 1275 3091 quod
1306 3006 1370 3071 &
1400 3007 1592 3093 ipsum
1626 3014 1958 3096 patricium
1994 3017 2146 3100 effe,
2183 3022 2242 3086 ἂ
2263 3042 2292 3086 a

485 3101 742 3190 patricio
772 3098 949 3186 prodi
979 3094 1211 3159 necess‘e
1240 3095 1342 3159 est.
1390 3095 1542 3160 Dixi
1566 3097 1738 3183 apud
1850 3103 2106 3185 ntifices,
2129 3107 2283 3175 istam

485 3190 881 3276 adoptionem
923 3184 1092 3251 nullo
1134 3183 1384 3247 decreto
1427 3183 1604 3271 hujus
1642 3206 1727 3251 co
1785 3193 1907 3281 egii
1950 3195 2234 3281 probatam
2264 3241 2285 3277 ‚

481 3294 696 3343 contra
738 3295 921 3340 omne
963 3270 1344 3358 pontificium
1364 3273 1464 3357 jus
1504 3271 1730 3338 factam
1769 3325 1795 3358 ,
1841 3302 1956 3369 pro
1978 3285 2155 3351 nihilo
2181 3285 2288 3352 effe

487 3366 853 3437 habendam:
900 3383 1019 3447 qua
1045 3362 1301 3437 sublata,
1337 3362 1657 3447 intelligis,
1689 3380 1913 3437 totum
1948 3373 2290 3440 tribunatum
