2480 6559
436 1798 570 1867 4²²
1014 1766 1693 1837 ΟιΑτιο

439 1898 515 1947 tu
544 1924 568 1962 ,
607 1875 685 1947 ad
713 1874 965 1977 aliquam
1004 1873 1169 1963 spem
1211 1869 1496 1974 libertatis
1534 1869 1603 1936 &
1618 1866 1944 2023 giss-mae
1968 1867 2303 1975 flignitnis'

444 1969 661 2035 erexit.
716 1965 844 2032 Hm
871 1983 964 2027 vir
997 1981 1169 2028 extra
1197 1961 1475 2026 ordinem
1502 1979 1591 2024 rei
1714 1960 2276 2051 mentm-nepae&

444 2055 698 2124 ciendos
713 2073 837 2119 non
851 2050 970 2116 fuit
985 2051 1011 2116 ?
1057 2050 1304 2116 Scilicet
1319 2068 1391 2115 tu
1406 2049 1663 2114 heluoni
1671 2045 2104 2135 spurciffimo,
2121 2072 2282 2204 gg:

446 2143 748 2235 gustaturi
775 2139 1105 2206 libidinum
1136 2158 1373 2205 tuarum
1390 2181 1412 2218 ,
1442 2136 1677 2204 homini
1705 2134 2114 2226 egentiffimo

446 2229 878 2298 cinorofiffimo
910 2229 1052 2295 Sex.
1071 2228 1331 2308 Clodio,
1365 2226 1526 2295 socio
1555 2225 1649 2293 tui
1678 2225 2052 2316 sanguinis,
2076 2226 2276 2316 quista

442 2322 657 2410 lingua
683 2321 867 2385 etiam
893 2321 1160 2384 sororem
1189 2335 1357 2382 tuam
1388 2336 1423 2379 a
1450 2334 1514 2381 te
1527 2314 1947 2414 abalienavit,
1971 2336 2154 2384 omne
2165 2313 2276 2382 fiu-

445 2425 730 2477 mentum
756 2409 1059 2496 privatum
1090 2406 1156 2471 &
1180 2407 1494 2494 publicum
1513 2452 1535 2489 ‚
1562 2424 1786 2471 omnes
1801 2402 2273 2494 pmvinciasfin-

446 2496 764 2565 mentarias
784 2545 801 2574 ‚
827 2516 1043 2560 omnes
1073 2499 1418 2584 mancipes,
1450 2512 1661 2560 omnes
1690 2496 2070 2561 horreorum
2092 2493 2271 2560 claves

451 2585 595 2673 lege
619 2601 723 2650 tua
752 2584 1071 2650 tradidisti.
1113 2604 1233 2672 qua
1258 2606 1338 2648 ex
1366 2604 1434 2649 re
1465 2585 1741 2672 primum
1771 2585 2006 2650 caritas
2026 2582 2266 2662 maest,

452 2671 677 2738 deinde
705 2674 943 2775 inopia:
993 2672 1384 2760 impendebat
1412 2671 1630 2752 fames,
1671 2672 2011 2755 incendia,
2051 2669 2264 2746 medes,

452 2759 756 2849 direptio:
803 2759 1169 2826 imminebat
1211 2781 1354 2827 tuus
1392 2759 1559 2826 furor
1605 2760 1906 2830 omnium
1950 2758 2266 2828 fintmis&

450 2848 643 2915 bonis.
715 2849 1023 2936 Qeritur
1050 2851 1231 2914 etiam
1269 2853 1351 2914 im
1442 2870 1620 2914 rtuna
1650 2850 1889 2936 pestiS,
1927 2870 2008 2917 ex
2030 2868 2139 2915 ore
2160 2850 2271 2913 im·

446 2937 761 3027 puriflimo
791 2942 932 3006 Sex.
965 2939 1175 3004 Clodii
1203 2960 1331 3003 rem
1382 2939 1828 3004 rumentariam
1847 2937 1956 3006 est
2243 2980 2269 3018 ,

448 3024 817 3117 summisque
854 3027 917 3092 in
955 3028 1235 3116 periculis
1282 3030 1409 3115 ejus
1454 3028 1565 3091 viri
1608 3028 1922 3095 auxilium
1941 3026 2061 3112 imp
2224 3046 2262 3089 e

452 3117 887 3206 rempublicam
906 3162 928 3199 ,
945 3138 980 3180 a
994 3138 1118 3204 quo
1135 3114 1304 3207 saepe
1319 3115 1378 3180 se
1393 3115 1457 3180 δε
1475 3117 1761 3182 servatam
1778 3117 1855 3182 δε
1870 3110 2257 3271 Ἢιιω

452 3204 575 3269 esse
601 3204 981 3271 meminisset.
1039 3206 1234 3272 Extra
1263 3205 1539 3271 ordinem
1571 3202 1718 3270 ferri
1747 3206 1967 3292 nihilp
2119 3202 2257 3271 clo·

451 3291 576 3357 din.
657 3296 874 3378 Quid?
917 3296 992 3357 de
1031 3317 1134 3357 mr:
1177 3300 1340 3381 quod
1386 3290 1578 3357 tuliss'e
1610 3314 1674 3357 te
1706 3296 1920 3378 dicis,
1962 3291 2265 3385 fideii,
