2480 6559
210 1069 1987 1486 —

404 1741 531 1822 '²42
973 1725 1656 1793 Ona-rto

407 1835 753 1906 hementius
773 1828 1208 1919 expostulasti?
1251 1829 1361 1893 Tu
1378 1872 1400 1908 ,
1427 1848 1574 1894 cum
1605 1846 1713 1895 tua
1737 1847 1867 1893 vox
1897 1848 1986 1897 nu

414 1928 486 1995 fit
498 1927 698 1993 audita
711 1965 733 2002 ‚
747 1940 915 2001 cum,
925 1919 1149 1984 indicio
1166 1914 1351 1996 lecito,
1365 1914 1691 2005 descripto,
1703 1915 1986 2009 divulgat

414 2019 602 2094 veris,
631 2010 889 2079 tacueris
905 2057 929 2093 ,
951 2024 1205 2096 repente
1234 2024 1463 2071 tantam
1491 2027 1624 2071 rem
1644 2008 1985 2074 enuntiare

416 2106 483 2170 &
510 2104 573 2167 in
603 2120 746 2167 eum
775 2097 980 2165 locum
999 2114 1065 2162 te
1080 2093 1339 2160 deducas
1351 2137 1375 2176 ,
1404 2113 1476 2160 ut
1490 2113 1627 2162 ante
1641 2117 1823 2183 quam
1840 2118 1985 2163 me«

419 2193 527 2258 tati
542 2187 751 2254 indicii
766 2183 1107 2274 coargueris
1120 2226 1144 2265 ,
1157 2201 1222 2248 te
1237 2183 1503 2249 summae
1518 2185 1946 2274 negligentiae
1961 2205 1985 2254 t

315 2297 351 2361 ,ι
366 2283 405 2336 6
417 2281 515 2345 cio
540 2273 890 2343 convicium
919 2273 1037 2339 effe
1061 2271 1323 2338 fateare?
1367 2273 1535 2337 Mihi
1548 2274 1917 2360 cujulquam
1936 2277 1984 2343 fi

416 2365 653 2446 fuisset,
681 2381 753 2428 ut
764 2383 961 2428 meam
976 2360 1398 2450 negligerem?
1424 2382 1530 2448 per
1543 2383 1643 2426 mc
1656 2383 1778 2451 ego
1790 2370 1984 2433 verita

416 2452 700 2521 tefaRam
727 2455 1201 2517 contaminarem
1228 2449 1432 2536 aliquo
1463 2450 1839 2517 mendacio?
1881 2475 1978 2542 qu

416 2543 687 2629 denique
704 2541 1110 2629 egojuvarem
1131 2582 1155 2618 ‚
1187 2559 1222 2601 a
1238 2559 1364 2624 quo
1376 2537 1441 2602 &
1455 2538 1727 2605 crudeles
1740 2540 1984 2611 infidia.-

418 2630 730 2720 publicam
759 2630 977 2705 tactas,
1010 2627 1076 2693 &
1106 2630 1171 2691 in
1200 2647 1297 2690 me
1406 2627 1693 2693 tissimum
1718 2632 1984 2700 consule

418 2719 589 2784 rem?
631 2716 828 2803 Qod
855 2715 900 2781 fi
918 2717 1043 2802 jam
1070 2712 1252 2780 ess'em
1282 2736 1323 2778 o
1365 2716 1508 2782 litus
1534 2717 1962 2787 severitatis&

420 2809 538 2874 tiae
567 2825 773 2885 meae,
799 2823 1005 2871 tamne
1032 2824 1240 2869 amens
1253 2825 1416 2869 eram
1436 2855 1457 2884 ,
1484 2825 1555 2872 ut
1571 2851 1594 2886 ,
1619 2827 1766 2872 cum
1783 2807 1983 2876 litter.

419 2896 616 2961 ritatis
642 2893 815 2961 causa
839 2911 1116 2981 repertae
1147 2891 1293 2974 fint,
1322 2916 1476 2980 quae
1500 2894 1760 2960 subfidio
1786 2897 1973 2965 obliv

420 2983 659 3073 possent
672 3026 696 3064 ,
723 3003 844 3073 ego
871 3001 1172 3049 recentem
1189 3001 1464 3068 putarem
1484 2987 1846 3050 memoriam
1863 3009 1982 3055 cun

421 3092 518 3141 tus
560 3072 1002 3139 commentario
1043 3089 1182 3135 meo
1225 3067 1389 3156 poss'e
1428 3072 1686 3160 inperari
1715 3074 1742 3139 ?
1799 3076 1969 3143 Fero

417 3161 777 3249 Torquate,
796 3157 1158 3246 jamdudum
1189 3155 1357 3239 fero,
1380 3158 1445 3226 &
1479 3181 1947 3251 nonnumquam
1978 3197 1982 3205 ·

421 3249 746 3316 incitatum
773 3247 849 3313 ad
879 3245 1277 3313 ulciscendam
1312 3251 1647 3316 orationem
1672 3269 1846 3317 tuam
1875 3275 1982 3333 rev

419 3337 483 3401 ὃ(
519 3337 785 3403 ῐεΗειΞὶ-ῡ.

878 3337 1127 3401 ermittn
1155 3337 1233 3397 ali
1279 3339 1386 3401 uid
1415 3341 1752 3405 iracundi-at:
1784 3358 1934 3408 tuae
1970 3398 1972 3400 .
