2480 6559
318 1718 444 1783 118
880 1716 1560 1783 ona-rto

320 1826 413 1890 nis
441 1821 796 1913 potestatem
823 1819 1069 1886 tradidit
1095 1819 1288 1886 vobis.
1360 1817 1837 1905 Qamobrem,
1886 1821 1999 1891 nifi
2025 1823 2062 1891 h

324 1914 500 1994 loco,
528 1912 637 1979 nifi
665 1908 823 1998 apud
848 1930 955 1974 vos
972 1953 992 1989 ‚
1020 1908 1125 1975 nifi
1152 1930 1259 1998 per
1282 1930 1425 1987 νοε,
1458 1908 1738 1996 judica,
1770 1931 1906 1977 non
1934 1911 2062 1980 anfi

326 2005 602 2080 ritatem,
644 2018 799 2085 quae
827 1999 1028 2064 amiss'a
1054 1999 1176 2078 est,
1222 1997 1318 2062 sed
1349 1997 1595 2062 salutem
1632 1997 1953 2083 nostram,

325 2088 429 2178 spe
459 2089 689 2178 exigua
715 2104 1107 2174 extremaque
1131 2087 1390 2178 pendet,
1418 2086 1832 2165 tenuerimuu
1879 2092 1951 2154 ni
2001 2093 2015 2105 '
2057 2122 2062 2133 =

329 2194 675 2265 praeterea,
702 2196 826 2263 quo
854 2175 1185 2266 confugere
1212 2173 1523 2263 poffimus:
1570 2173 1679 2240 nifi
1706 2173 2062 2265 fortequaez

327 2267 453 2332 hoc
473 2264 704 2352 judicio
734 2281 1047 2345 tentetur,
1091 2264 1242 2353 quid
1272 2280 1523 2352 agatur,
1548 2264 1652 2327 cui
1678 2264 1903 2330 causae
1931 2265 2062 2336 funt

327 2370 541 2417 menta
556 2352 886 2441 jaciantur,
915 2354 1188 2440 judices,
1231 2373 1355 2416 non
1379 2351 1610 2419 videtis.
1680 2354 2042 2425 Damnatus

331 2441 383 2507 is
412 2484 434 2521 ,
473 2443 578 2528 qui
604 2440 929 2508 Catilinam
955 2440 1121 2531 figna
1145 2441 1366 2530 patriae
1404 2438 1771 2505 inferentem
1802 2441 2062 2513 inteoem

332 2528 484 2616 quid
511 2528 598 2595 est
627 2530 868 2609 causae,
889 2552 1007 2595 cur
1031 2550 1156 2595 non
1186 2537 1267 2609 is,
1294 2527 1403 2617 qui
1428 2528 1755 2593 Catilinam
1788 2550 1871 2597 ex
1894 2535 2062 2602 urbe:

333 2618 527 2704 pulit,
555 2619 979 2705 pertimescat?
1019 2619 1311 2705 repetitur
1337 2616 1411 2681 ad
1445 2637 1741 2705 poenam,
1785 2624 1906 2709 qui
1937 2624 2062 2691 indi

332 2708 677 2769 communis
710 2706 881 2772 exitii
907 2710 1186 2794 excepit:
1233 2727 1343 2771 cur
1372 2704 1478 2771 fibi
1506 2703 1778 2771 confidat
1804 2711 1857 2773 is
1882 2754 1908 2791 ‚
1957 2716 2062 2803 qui

327 2791 702 2880 proferenda
729 2793 796 2858 ὅτ
823 2793 1233 2883 patefacienda
1251 2795 1519 2860 curavit?
1554 2793 2062 2869 sociiconfiliorm

330 2882 593 2960 ministri
615 2882 985 2971 comitesque
997 2900 1329 2949 vexantur:
1374 2881 1517 2969 quid
1534 2880 1850 2967 au&ore8‚
1875 2891 2062 2974 quid:

331 2988 472 3051 ces,
505 2969 653 3057 quid
679 2971 980 3059 principes
1004 2971 1114 3037 fibi
1129 2969 1521 3059 exspeEoent?
1562 2974 2062 3057 Atqueutinnmi

329 3058 477 3135 mici
523 3059 708 3125 nostri
745 3079 815 3125 ac
842 3058 1148 3125 bonorum
1173 3060 1451 3125 omnium
1482 3078 1727 3125 mecum
1761 3063 1976 3153 potius
2005 3076 2062 3132 ᾱ

333 3147 628 3227 tendant,
658 3164 861 3213 utrum
891 3167 1025 3215 tum
1054 3168 1265 3214 omnes
1280 3147 1464 3228 boni,
1493 3146 1679 3212 duces
1695 3150 1885 3217 nostri
1904 3197 1926 3228 ,
1955 3174 2062 3219 nn·

331 3236 511 3313 mites
521 3234 748 3302 fuerint
759 3236 833 3308 ad
848 3257 1243 3304 communem
1258 3236 1722 3303 conservandam
1731 3238 1997 3309 salutem
2016 3246 2059 3290 ⁸

992 3387 1273 3447 Permulta
1294 3387 1362 3443 dc
1383 3404 1493 3447 nrm,
