<?xml version="1.0" encoding="UTF-8"?>
<!DOCTYPE html PUBLIC "-//W3C//DTD XHTML 1.0 Transitional//EN"
    "http://www.w3.org/TR/xhtml1/DTD/xhtml1-transitional.dtd">
<html xmlns="http://www.w3.org/1999/xhtml" xml:lang="en" lang="en">
 <head>
  <title>
</title>
<meta http-equiv="Content-Type" content="text/html;charset=utf-8" />
  <meta name='ocr-system' content='tesseract 3.04.00' />
  <meta name='ocr-capabilities' content='ocr_page ocr_carea ocr_par ocr_line ocrx_word'/>
</head>
<body>
  <div class='ocr_page' id='page_1' title='image "./mtvlliiciceroni07cicegoog_0185.png"; bbox 0 0 2480 6559; ppageno 0'>
   <div class='ocr_carea' id='block_1_1' title="bbox 128 1064 1862 1486">
    <p class='ocr_par' dir='ltr' id='par_1_1' title="bbox 128 1064 1862 1486">
     <span class='ocr_line' id='line_1_1' title="bbox 128 1064 1862 1486; baseline 0 5073"><span class='ocrx_word' id='word_1_1' title='bbox 128 1064 1862 1486; x_wconf 95' lang='lat' dir='ltr'> </span> 
     </span>
    </p>
   </div>
   <div class='ocr_carea' id='block_1_2' title="bbox 338 1718 1583 1790">
    <p class='ocr_par' dir='ltr' id='par_1_2' title="bbox 338 1718 1583 1790">
     <span class='ocr_line' id='line_1_2' title="bbox 338 1718 1583 1790; baseline -0.002 0"><span class='ocrx_word' id='word_1_2' title='bbox 338 1725 465 1790; x_wconf 87' lang='lat'>186</span> <span class='ocrx_word' id='word_1_3' title='bbox 907 1718 1583 1790; x_wconf 66' lang='grc' dir='ltr'>ΟιΑτιο</span> 
     </span>
    </p>
   </div>
   <div class='ocr_carea' id='block_1_3' title="bbox 322 1809 1854 3252">
    <p class='ocr_par' dir='ltr' id='par_1_3' title="bbox 322 1809 1854 3252">
     <span class='ocr_line' id='line_1_3' title="bbox 332 1809 1834 1922; baseline -0.002 -22"><span class='ocrx_word' id='word_1_4' title='bbox 332 1830 723 1922; x_wconf 85' lang='lat' dir='ltr'>suspicionem</span> <span class='ocrx_word' id='word_1_5' title='bbox 752 1825 924 1893; x_wconf 86' lang='lat' dir='ltr'>nullo</span> <span class='ocrx_word' id='word_1_6' title='bbox 937 1826 1044 1891; x_wconf 90' lang='lat' dir='ltr'>suo</span> <span class='ocrx_word' id='word_1_7' title='bbox 1062 1825 1288 1891; x_wconf 66' lang='lat' dir='ltr'>delicto</span> <span class='ocrx_word' id='word_1_8' title='bbox 1298 1825 1487 1893; x_wconf 83' lang='lat' dir='ltr'>veuit.</span> <span class='ocrx_word' id='word_1_9' title='bbox 1530 1809 1834 1909; x_wconf 56' lang='lat' dir='ltr'>Nonest,</span> 
     </span>
     <span class='ocr_line' id='line_1_4' title="bbox 332 1912 1854 2003; baseline -0.003 -15"><span class='ocrx_word' id='word_1_10' title='bbox 332 1921 447 2003; x_wconf 83' lang='lat' dir='ltr'>de,</span> <span class='ocrx_word' id='word_1_11' title='bbox 476 1940 653 1986; x_wconf 89' lang='lat' dir='ltr'>corru</span> <span class='ocrx_word' id='word_1_12' title='bbox 702 1935 819 1982; x_wconf 74' lang='lat' dir='ltr'>tus.</span> <span class='ocrx_word' id='word_1_13' title='bbox 878 1914 1057 2003; x_wconf 85' lang='lat' dir='ltr'>Qid</span> <span class='ocrx_word' id='word_1_14' title='bbox 1083 1915 1243 1980; x_wconf 88' lang='lat' dir='ltr'>enim</span> <span class='ocrx_word' id='word_1_15' title='bbox 1260 1912 1419 1997; x_wconf 88' lang='lat' dir='ltr'>fuit,</span> <span class='ocrx_word' id='word_1_16' title='bbox 1486 1912 1613 1982; x_wconf 87' lang='lat' dir='ltr'>uod</span> <span class='ocrx_word' id='word_1_17' title='bbox 1628 1912 1705 1980; x_wconf 79' lang='lat' dir='ltr'>ab</span> <span class='ocrx_word' id='word_1_18' title='bbox 1720 1935 1800 1980; x_wconf 89' lang='lat' dir='ltr'>eo</span> <span class='ocrx_word' id='word_1_19' title='bbox 1824 1937 1854 1984; x_wconf 88' lang='lat'>1</span> 
     </span>
     <span class='ocr_line' id='line_1_5' title="bbox 332 2001 1853 2092; baseline -0.005 -13"><span class='ocrx_word' id='word_1_20' title='bbox 332 2029 436 2080; x_wconf 84' lang='lat' dir='ltr'>tur</span> <span class='ocrx_word' id='word_1_21' title='bbox 460 2010 487 2074; x_wconf 89' lang='lat'>?</span> <span class='ocrx_word' id='word_1_22' title='bbox 527 2025 595 2073; x_wconf 89' lang='lat' dir='ltr'>ut</span> <span class='ocrx_word' id='word_1_23' title='bbox 688 2020 900 2070; x_wconf 87' lang='lat' dir='ltr'>uceret</span> <span class='ocrx_word' id='word_1_24' title='bbox 928 2001 1268 2092; x_wconf 87' lang='lat' dir='ltr'>judicium?</span> <span class='ocrx_word' id='word_1_25' title='bbox 1310 2004 1412 2076; x_wconf 87' lang='lat' dir='ltr'>cui</span> <span class='ocrx_word' id='word_1_26' title='bbox 1458 2023 1540 2069; x_wconf 86' lang='lat' dir='ltr'>ex</span> <span class='ocrx_word' id='word_1_27' title='bbox 1559 2004 1736 2071; x_wconf 75' lang='lat' dir='ltr'>horas</span> <span class='ocrx_word' id='word_1_28' title='bbox 1763 2025 1853 2071; x_wconf 82' lang='lat' dir='ltr'>on</span> 
     </span>
     <span class='ocr_line' id='line_1_6' title="bbox 332 2089 1851 2178; baseline -0.005 -13"><span class='ocrx_word' id='word_1_29' title='bbox 332 2097 524 2165; x_wconf 86' lang='lat' dir='ltr'>dedit.</span> <span class='ocrx_word' id='word_1_30' title='bbox 578 2093 903 2178; x_wconf 73' lang='lat' dir='ltr'>Quantum</span> <span class='ocrx_word' id='word_1_31' title='bbox 917 2089 1165 2159; x_wconf 81' lang='lat' dir='ltr'>tandem</span> <span class='ocrx_word' id='word_1_32' title='bbox 1178 2113 1258 2157; x_wconf 84' lang='lat' dir='ltr'>ex</span> <span class='ocrx_word' id='word_1_33' title='bbox 1278 2093 1371 2160; x_wconf 78' lang='lat' dir='ltr'>his</span> <span class='ocrx_word' id='word_1_34' title='bbox 1386 2091 1548 2158; x_wconf 79' lang='lat' dir='ltr'>horis</span> <span class='ocrx_word' id='word_1_35' title='bbox 1562 2090 1851 2160; x_wconf 78' lang='lat' dir='ltr'>detrahet</span> 
     </span>
     <span class='ocr_line' id='line_1_7' title="bbox 334 2178 1852 2272; baseline -0.003 -18"><span class='ocrx_word' id='word_1_36' title='bbox 334 2204 572 2255; x_wconf 87' lang='lat' dir='ltr'>morem</span> <span class='ocrx_word' id='word_1_37' title='bbox 603 2201 820 2272; x_wconf 84' lang='lat' dir='ltr'><strong>gerere</strong></span> <span class='ocrx_word' id='word_1_38' title='bbox 834 2178 1149 2250; x_wconf 88' lang='lat' dir='ltr'>voluisset?</span> <span class='ocrx_word' id='word_1_39' title='bbox 1194 2178 1507 2249; x_wconf 87' lang='lat' dir='ltr'>Nimirum</span> <span class='ocrx_word' id='word_1_40' title='bbox 1522 2179 1675 2247; x_wconf 90' lang='lat' dir='ltr'>illud</span> <span class='ocrx_word' id='word_1_41' title='bbox 1688 2180 1780 2249; x_wconf 87' lang='lat' dir='ltr'>est</span> <span class='ocrx_word' id='word_1_42' title='bbox 1792 2227 1819 2265; x_wconf 88' lang='lat'>,</span> <span class='ocrx_word' id='word_1_43' title='bbox 1849 2226 1852 2234; x_wconf 89' lang='lat'>-</span> 
     </span>
     <span class='ocr_line' id='line_1_8' title="bbox 330 2267 1819 2363; baseline -0.004 -20"><span class='ocrx_word' id='word_1_44' title='bbox 330 2271 673 2363; x_wconf 86' lang='lat' dir='ltr'>suspicatur.</span> <span class='ocrx_word' id='word_1_45' title='bbox 716 2269 989 2338; x_wconf 88' lang='lat' dir='ltr'>Invidisti</span> <span class='ocrx_word' id='word_1_46' title='bbox 1001 2271 1248 2360; x_wconf 85' lang='lat' dir='ltr'>ingenio</span> <span class='ocrx_word' id='word_1_47' title='bbox 1262 2267 1672 2361; x_wconf 79' lang='lat' dir='ltr'>subscriptoris</span> <span class='ocrx_word' id='word_1_48' title='bbox 1685 2274 1780 2338; x_wconf 90' lang='lat' dir='ltr'>tui</span> <span class='ocrx_word' id='word_1_49' title='bbox 1794 2317 1819 2355; x_wconf 89' lang='lat'><strong>,</strong></span> 
     </span>
     <span class='ocr_line' id='line_1_9' title="bbox 329 2360 1852 2448; baseline -0.001 -18"><span class='ocrx_word' id='word_1_50' title='bbox 329 2361 512 2430; x_wconf 79' lang='lat' dir='ltr'>nabat</span> <span class='ocrx_word' id='word_1_51' title='bbox 537 2360 712 2426; x_wconf 85' lang='lat' dir='ltr'>facile</span> <span class='ocrx_word' id='word_1_52' title='bbox 741 2360 984 2441; x_wconf 87' lang='lat' dir='ltr'>locum,</span> <span class='ocrx_word' id='word_1_53' title='bbox 1010 2381 1196 2448; x_wconf 89' lang='lat' dir='ltr'>quem</span> <span class='ocrx_word' id='word_1_54' title='bbox 1223 2360 1627 2448; x_wconf 77' lang='lat' dir='ltr'>prehenderat</span> <span class='ocrx_word' id='word_1_55' title='bbox 1642 2404 1666 2442; x_wconf 89' lang='lat'>,</span> <span class='ocrx_word' id='word_1_56' title='bbox 1696 2361 1763 2428; x_wconf 74' lang='lat'>&amp;2</span> <span class='ocrx_word' id='word_1_57' title='bbox 1788 2384 1852 2428; x_wconf 75' lang='lat' dir='ltr'>a:</span> 
     </span>
     <span class='ocr_line' id='line_1_10' title="bbox 329 2445 1852 2540; baseline -0.001 -21"><span class='ocrx_word' id='word_1_58' title='bbox 329 2448 745 2540; x_wconf 84' lang='lat' dir='ltr'>interrogabat</span> <span class='ocrx_word' id='word_1_59' title='bbox 761 2493 785 2530; x_wconf 88' lang='lat'><strong>,</strong></span> <span class='ocrx_word' id='word_1_60' title='bbox 811 2468 915 2515; x_wconf 79' lang='lat' dir='ltr'>aut</span> <span class='ocrx_word' id='word_1_61' title='bbox 924 2445 1442 2515; x_wconf 86' lang='lat' dir='ltr'>circumveniebat</span> <span class='ocrx_word' id='word_1_62' title='bbox 1458 2472 1475 2515; x_wconf 72' lang='grc' dir='ltr'><strong><em>ε</em></strong></span> <span class='ocrx_word' id='word_1_63' title='bbox 1501 2447 1741 2515; x_wconf 84' lang='lat' dir='ltr'>sortafl‘e</span> <span class='ocrx_word' id='word_1_64' title='bbox 1755 2448 1852 2519; x_wconf 85' lang='lat' dir='ltr'>fec</span> 
     </span>
     <span class='ocr_line' id='line_1_11' title="bbox 332 2536 1852 2629; baseline -0.001 -21"><span class='ocrx_word' id='word_1_65' title='bbox 332 2541 399 2608; x_wconf 85' lang='lat'>&amp;</span> <span class='ocrx_word' id='word_1_66' title='bbox 428 2541 645 2629; x_wconf 84' lang='lat' dir='ltr'>populi</span> <span class='ocrx_word' id='word_1_67' title='bbox 673 2540 906 2617; x_wconf 85' lang='lat' dir='ltr'>sermo,</span> <span class='ocrx_word' id='word_1_68' title='bbox 931 2559 1012 2602; x_wconf 86' lang='lat' dir='ltr'>ne</span> <span class='ocrx_word' id='word_1_69' title='bbox 1041 2536 1372 2624; x_wconf 76' lang='lat' dir='ltr'>exciperes·</span> <span class='ocrx_word' id='word_1_70' title='bbox 1427 2536 1667 2604; x_wconf 88' lang='lat' dir='ltr'>Idcirco</span> <span class='ocrx_word' id='word_1_71' title='bbox 1690 2538 1852 2606; x_wconf 88' lang='lat' dir='ltr'>Deci</span> 
     </span>
     <span class='ocr_line' id='line_1_12' title="bbox 324 2624 1852 2785; baseline -0.002 0"><span class='ocrx_word' id='word_1_72' title='bbox 324 2624 1361 2785; x_wconf 56' lang='lat' dir='ltr'>{¹3⁶h2‘32323ffi23121&#39;1&#39;322335u3</span> <span class='ocrx_word' id='word_1_73' title='bbox 1359 2626 1673 2784; x_wconf 45' lang='lat'>2212&amp;</span> <span class='ocrx_word' id='word_1_74' title='bbox 1635 2648 1761 2782; x_wconf 57' lang='lat' dir='ltr'>esi?</span> <span class='ocrx_word' id='word_1_75' title='bbox 1763 2629 1852 2783; x_wconf 61' lang='grc'>25</span> 
     </span>
     <span class='ocr_line' id='line_1_13' title="bbox 326 2800 1851 2893; baseline 0.001 -21"><span class='ocrx_word' id='word_1_76' title='bbox 326 2807 424 2874; x_wconf 78' lang='lat' dir='ltr'>lta</span> <span class='ocrx_word' id='word_1_77' title='bbox 450 2805 696 2885; x_wconf 86' lang='lat' dir='ltr'>scitote,</span> <span class='ocrx_word' id='word_1_78' title='bbox 711 2802 984 2892; x_wconf 75' lang='lat' dir='ltr'>judices,</span> <span class='ocrx_word' id='word_1_79' title='bbox 1010 2800 1130 2869; x_wconf 83' lang='lat' dir='ltr'>effe</span> <span class='ocrx_word' id='word_1_80' title='bbox 1157 2820 1390 2871; x_wconf 81' lang='lat' dir='ltr'>cetera:</span> <span class='ocrx_word' id='word_1_81' title='bbox 1435 2804 1533 2870; x_wconf 92' lang='lat' dir='ltr'>vel</span> <span class='ocrx_word' id='word_1_82' title='bbox 1562 2804 1730 2893; x_wconf 89' lang='lat' dir='ltr'>quod</span> <span class='ocrx_word' id='word_1_83' title='bbox 1742 2806 1851 2874; x_wconf 84' lang='lat' dir='ltr'>ait.</span> 
     </span>
     <span class='ocr_line' id='line_1_14' title="bbox 326 2891 1850 2981; baseline -0.002 -15"><span class='ocrx_word' id='word_1_84' title='bbox 326 2898 406 2965; x_wconf 79' lang='lat' dir='ltr'><strong>l...</strong></span> <span class='ocrx_word' id='word_1_85' title='bbox 423 2893 708 2965; x_wconf 77' lang='lat' dir='ltr'>Flaccum</span> <span class='ocrx_word' id='word_1_86' title='bbox 738 2891 843 2960; x_wconf 85' lang='lat' dir='ltr'>fibi</span> <span class='ocrx_word' id='word_1_87' title='bbox 869 2891 1008 2958; x_wconf 86' lang='lat' dir='ltr'>dare</span> <span class='ocrx_word' id='word_1_88' title='bbox 1021 2891 1251 2981; x_wconf 83' lang='lat' dir='ltr'>cupiffe</span> <span class='ocrx_word' id='word_1_89' title='bbox 1264 2935 1286 2972; x_wconf 85' lang='lat'>,</span> <span class='ocrx_word' id='word_1_90' title='bbox 1315 2910 1387 2960; x_wconf 92' lang='lat' dir='ltr'>ut</span> <span class='ocrx_word' id='word_1_91' title='bbox 1402 2891 1574 2960; x_wconf 85' lang='lat' dir='ltr'>afide</span> <span class='ocrx_word' id='word_1_92' title='bbox 1587 2893 1645 2960; x_wconf 92' lang='lat' dir='ltr'>se</span> <span class='ocrx_word' id='word_1_93' title='bbox 1658 2893 1850 2963; x_wconf 82' lang='lat' dir='ltr'>abduc</span> 
     </span>
     <span class='ocr_line' id='line_1_15' title="bbox 324 2982 1850 3064; baseline -0.003 -10"><span class='ocrx_word' id='word_1_94' title='bbox 324 2983 595 3055; x_wconf 84' lang='lat' dir='ltr'>stertium</span> <span class='ocrx_word' id='word_1_95' title='bbox 610 2985 810 3048; x_wconf 88' lang='lat' dir='ltr'>vicies.</span> <span class='ocrx_word' id='word_1_96' title='bbox 866 2982 950 3048; x_wconf 87' lang='lat' dir='ltr'>Et</span> <span class='ocrx_word' id='word_1_97' title='bbox 966 3001 1108 3048; x_wconf 86' lang='lat' dir='ltr'>eum</span> <span class='ocrx_word' id='word_1_98' title='bbox 1124 3000 1192 3048; x_wconf 91' lang='lat' dir='ltr'>tu</span> <span class='ocrx_word' id='word_1_99' title='bbox 1207 2982 1439 3048; x_wconf 83' lang='lat' dir='ltr'>accusas</span> <span class='ocrx_word' id='word_1_100' title='bbox 1452 2985 1731 3052; x_wconf 81' lang='lat' dir='ltr'>avaritiae</span> <span class='ocrx_word' id='word_1_101' title='bbox 1745 3027 1769 3064; x_wconf 87' lang='lat'><strong>‚</strong></span> <span class='ocrx_word' id='word_1_102' title='bbox 1843 3007 1850 3038; x_wconf 67' lang='grc' dir='ltr'>τ</span> 
     </span>
     <span class='ocr_line' id='line_1_16' title="bbox 322 3069 1791 3162; baseline -0.002 -19"><span class='ocrx_word' id='word_1_103' title='bbox 322 3071 653 3143; x_wconf 84' lang='lat' dir='ltr'>sestertium</span> <span class='ocrx_word' id='word_1_104' title='bbox 681 3072 864 3137; x_wconf 84' lang='lat' dir='ltr'>vicies</span> <span class='ocrx_word' id='word_1_105' title='bbox 894 3069 1145 3135; x_wconf 82' lang='lat' dir='ltr'>voluiffe</span> <span class='ocrx_word' id='word_1_106' title='bbox 1177 3070 1475 3159; x_wconf 86' lang='lat' dir='ltr'>perdere?</span> <span class='ocrx_word' id='word_1_107' title='bbox 1511 3094 1652 3139; x_wconf 87' lang='lat' dir='ltr'>nam</span> <span class='ocrx_word' id='word_1_108' title='bbox 1680 3077 1791 3162; x_wconf 91' lang='lat' dir='ltr'>qui</span> 
     </span>
     <span class='ocr_line' id='line_1_17' title="bbox 323 3158 1850 3252; baseline 0 -21"><span class='ocrx_word' id='word_1_109' title='bbox 323 3185 469 3231; x_wconf 88' lang='lat' dir='ltr'>cum</span> <span class='ocrx_word' id='word_1_110' title='bbox 485 3182 550 3231; x_wconf 90' lang='lat' dir='ltr'>te</span> <span class='ocrx_word' id='word_1_111' title='bbox 565 3158 844 3228; x_wconf 82' lang='lat' dir='ltr'>emebat?</span> <span class='ocrx_word' id='word_1_112' title='bbox 883 3177 956 3226; x_wconf 92' lang='lat' dir='ltr'>ut</span> <span class='ocrx_word' id='word_1_113' title='bbox 967 3158 1041 3226; x_wconf 82' lang='lat' dir='ltr'>ad</span> <span class='ocrx_word' id='word_1_114' title='bbox 1058 3158 1116 3225; x_wconf 92' lang='lat' dir='ltr'>se</span> <span class='ocrx_word' id='word_1_115' title='bbox 1128 3158 1443 3230; x_wconf 78' lang='lat' dir='ltr'>transires?</span> <span class='ocrx_word' id='word_1_116' title='bbox 1482 3184 1667 3251; x_wconf 82' lang='lat' dir='ltr'>quam</span> <span class='ocrx_word' id='word_1_117' title='bbox 1682 3182 1850 3252; x_wconf 86' lang='lat' dir='ltr'>parte</span> 
     </span>
    </p>
   </div>
   <div class='ocr_carea' id='block_1_4' title="bbox 379 3349 1851 3409">
    <p class='ocr_par' dir='ltr' id='par_1_4' title="bbox 379 3349 1851 3409">
     <span class='ocr_line' id='line_1_18' title="bbox 379 3349 1851 3409; baseline -0.001 -17"><span class='ocrx_word' id='word_1_118' title='bbox 379 3353 827 3402; x_wconf 57' lang='lat' dir='ltr'>Vtetfflcfj&#39;udn&#39;rinmfl</span> <span class='ocrx_word' id='word_1_119' title='bbox 852 3353 944 3392; x_wconf 68' lang='lat' dir='ltr'>Hoc</span> <span class='ocrx_word' id='word_1_120' title='bbox 955 3349 1097 3399; x_wconf 58' lang='lat' dir='ltr'>efflue</span> <span class='ocrx_word' id='word_1_121' title='bbox 1108 3363 1204 3406; x_wconf 74' lang='lat' dir='ltr'>pm-</span> <span class='ocrx_word' id='word_1_122' title='bbox 1225 3388 1226 3393; x_wconf 71' lang='grc'>,</span> <span class='ocrx_word' id='word_1_123' title='bbox 1257 3353 1616 3409; x_wconf 51' lang='lat' dir='ltr'>Ant-Augustinus</span> <span class='ocrx_word' id='word_1_124' title='bbox 1638 3356 1687 3392; x_wconf 62' lang='lat' dir='ltr'>ad</span> <span class='ocrx_word' id='word_1_125' title='bbox 1709 3353 1851 3392; x_wconf 62' lang='lat' dir='ltr'>munis.</span> 
     </span>
    </p>
   </div>
   <div class='ocr_carea' id='block_1_5' title="bbox 128 3366 1856 3440">
    <p class='ocr_par' dir='ltr' id='par_1_5' title="bbox 128 3366 1856 3440">
     <span class='ocr_line' id='line_1_19' title="bbox 128 3366 1856 3440; baseline 0 0"><span class='ocrx_word' id='word_1_126' title='bbox 128 3366 1856 3440; x_wconf 95' lang='lat' dir='ltr'> </span> 
     </span>
    </p>
   </div>
  </div>
 </body>
</html>
