2480 6559
329 1690 460 1758 ²50
898 1654 1588 1735 ὈιιΑι-ιο

327 1800 460 1845 non
499 1775 689 1843 modo
725 1772 1078 1861 iniquorum
1107 1768 1365 1836 invidiae
1390 1814 1414 1852 ‚
1454 1770 1555 1838 sed
1578 1771 1651 1842 &
1671 1791 1872 1863 aequm

328 1866 682 1957 spestntioni
695 1860 1027 1928 satisfacere
1040 1857 1245 1948 pofl'et.
1310 1860 1707 1948 properatum
1719 1864 1871 1936 velte

330 1978 476 2023 cum
505 1954 694 2042 longe
709 1970 952 2039 tempus
967 1951 1229 2014 muneris
1242 1947 1489 2016 abeffet.
1530 1949 1729 2035 Qafi
1742 1972 1872 2022 vert

331 2042 513 2110 dandi
555 2041 822 2108 muneris
862 2060 989 2105 non
1033 2036 1208 2103 valde
1237 2041 1763 2129 appropinquaret.
1834 2045 1872 2112 l

332 2149 520 2199 nante
544 2130 803 2210 Fausto,
841 2150 986 2195 cum
1017 2129 1066 2192 is
1091 2146 1172 2192 ne
1216 2146 1294 2192 ue
1324 2129 1536 2211 sciret,
1578 2148 1786 2218 neque
1811 2136 1872 2201 vd

331 2219 502 2288 milia
533 2219 624 2284 est
649 2235 1011 2306 comparata.
1068 2219 1156 2282 At
1209 2219 1419 2281 itterae
1445 2219 1587 2284 sunt
1612 2221 1871 2304 Faustiffi

327 2309 433 2375 ine
465 2306 748 2397 precibus
775 2329 810 2373 a
835 2306 902 2371 Ρ.
915 2303 1082 2372 Sulla
1106 2307 1302 2391 petit,
1346 2322 1416 2371 ut
1442 2324 1604 2371 emat
1632 2308 1872 2396 gladian

331 2415 407 2465 ut
431 2397 542 2463 hos
569 2397 723 2484 ipsos
755 2413 950 2461 emat:
981 2414 1180 2480 neque
1204 2393 1393 2459 solum
1418 2394 1494 2458 ad
1527 2396 1759 2463 Sullam
1786 2401 1872 2466 mi

329 2486 406 2553 ad
420 2488 499 2553 L.
516 2485 831 2551 Caesarem
844 2528 872 2563 .,
885 2484 1202 2567 Qintum
1225 2485 1583 2571 Pompejum
1602 2532 1620 2561 ,
1638 2484 1720 2550 C.
1737 2488 1872 2555 Mei

329 2596 602 2664 quorum
627 2574 708 2638 de
732 2573 1033 2639 sententia
1059 2589 1192 2636 tota
1217 2592 1313 2636 res
1326 2573 1491 2661 gesta
1516 2573 1620 2639 est.
1678 2576 1770 2641 At
1797 2600 1872 2665 pn

327 2662 533 2732 miliae
560 2662 900 2728 Cornelius.
958 2663 1087 2727 Iam
1115 2658 1162 2725 fi
1186 2660 1252 2725 in
1278 2662 1681 2750 comparanda
1706 2662 1872 2738 famil

329 2753 432 2818 cio
460 2750 547 2816 est
562 2751 756 2830 nulla,
784 2748 945 2838 quod
962 2746 1220 2834 praefuit
1234 2793 1256 2829 ‚
1289 2750 1433 2814 nihil
1456 2751 1528 2816 ad
1543 2772 1672 2816 rem
1691 2755 1872 2840 perti:

327 2859 536 2910 tamen
577 2858 833 2912 munere
876 2839 1068 2910 servili
1104 2838 1334 2904 obtulit
1377 2839 1434 2904 se
1490 2839 1563 2904 ad
1609 2839 1872 2912 ferrame

329 2928 662 3019 spicienda:
706 2924 968 3016 praefuit
996 2947 1142 2992 vero
1157 2948 1518 3015 numquam:
1564 2950 1761 3015 eaque
1776 2919 1871 2999 ret*

332 3017 490 3083 bum
537 3017 733 3085 Fausti
775 3015 1068 3083 libertum
1098 3017 1267 3079 omni
1298 3035 1576 3103 tempore
1602 3019 1872 3126 adminiq

230 3118 319 3171 ιο
331 3108 419 3180 At
462 3109 625 3180 enim
667 3108 918 3180 cincius
940 3105 1029 3176 est
1056 3102 1135 3171 ab
1163 3104 1282 3170 hoc
1312 3107 1377 3173 in
1406 3107 1759 3178 ulteriorem
1790 3111 1872 3182 Hs
