2480 6559
394 1730 533 1823 1⁴43
977 1734 1667 1798 Ona-riti

401 1833 554 1916 quid
583 1833 828 1900 tandem
849 1833 927 1897 de
959 1833 1059 1899 illa
1084 1833 1270 1899 notite
1297 1832 1486 1911 dicit,
1518 1855 1660 1897 cum
1695 1830 2083 1897 interfuturi.
2115 1837 2234 1913 “-,“

404 1921 506 1987 Μ.
519 1922 783 1987 Laecam
796 1917 980 1986 nocte
994 1943 1066 1985 ea
1079 1965 1101 2003 ‚
1127 1942 1284 2009 quac
1299 1919 1627 1986 consecuta
1639 1919 1725 1986 est
1737 1919 2036 2009 posterum
2059 1903 2250 1993 ὀμ,

405 2029 705 2076 nonarum
738 2010 1114 2076 Novembris
1139 2032 1245 2087 me
1273 2008 1517 2074 consule
1532 2052 1556 2090 ,
1584 2008 1890 2074 Catilinae
1904 2008 2113 2073 denu-
2128 1999 2249 2089 Ψ

407 2098 581 2162 tione
603 2098 942 2163 convenit?
985 2120 1144 2186 quae
1168 2120 1295 2165 nox
1321 2100 1601 2163 omnium
1634 2116 1990 2188 temporum
2012 2095 2249 2162 ed

409 2185 657 2251 rationis
688 2187 977 2252 acerrima
1004 2188 1125 2256 fuit
1150 2207 1331 2275 atque
1362 2185 1752 2253 acerbiffima.
1806 2189 1988 2256 Tum
2009 2175 2249 2250 (2:²⁸

411 2295 524 2341 nae
549 2273 673 2339 dies
699 2275 1009 2358 exeundi,
1045 2296 1183 2346 tum
1211 2280 1427 2342 ceteris
1449 2274 1732 2341 manendi
1754 2276 2061 2355 conditio,
2153 2278 2248 2341 «ι’

412 2361 735 2453 descriptio
765 2379 957 2431 totam
987 2388 1096 2455 per
1116 2365 1334 2433 urbem
1362 2363 1563 2431 caedis
1589 2383 1773 2452 atque
1806 2361 2247 2432 incendicvu

410 2449 737 2519 constituta
759 2454 877 2521 est:
915 2473 1068 2521 tunc
1093 2473 1243 2522 tuus
1266 2472 1476 2544 pater,
1506 2454 1795 2536 Comeli,
1822 2455 1887 2521 id
1914 2440 2247 2542 quooezd

413 2537 559 2604 dem
590 2541 914 2629 aliquando
944 2543 1313 2623 confitetur,
1344 2543 1501 2609 illam
1518 2543 1624 2609 fibi
1642 2542 1976 2610 officiosam

412 2630 572 2693 ciam
604 2630 989 2720 depoposcit:
1035 2651 1142 2714 ut,
1166 2655 1315 2698 cum
1346 2633 1544 2720 prima
1570 2632 1708 2697 luce
1737 2632 2054 2700 consulem
2209 2666 2246 2725 -Ι

411 2733 611 2784 tatum
626 2720 859 2786 veniret
871 2764 893 2801 ,
910 2722 1277 2789 intromissus
1287 2742 1430 2785 meo
1445 2742 1619 2785 more
1632 2770 1652 2800 ,
1666 2722 1880 2808 &jure
1893 2715 2246 2787 amitii:

324 2807 401 2873 19
415 2827 515 2872 me
539 2807 605 2871 in
635 2828 776 2872 meo
803 2808 1030 2876 lectulo
1045 2809 1391 2877 trucidaret.
1465 2811 1611 2874 Hoc
1634 2828 1915 2896 tempore
1930 2854 1954 2891 ‚
1982 2823 2245 2876 curt-³1

412 2893 589 2960 deret
619 2898 909 2965 acerrime
933 2900 1271 2986 conjuratio
1298 2943 1320 2978 ,
1363 2919 1506 2964 cum
1542 2898 1805 2965 Catilina
1833 2898 2157 2991 egredez
2181 2911 2245 2956 τι

412 2982 492 3047 ad
517 2985 856 3054 exercitum
882 3031 906 3069 ,
942 2987 1249 3071 Lentulus
1274 2990 1338 3054 in
1363 2985 1515 3052 urbe
1541 2987 1999 3077 relinqueretur
2019 3030 2047 3068 ,
2233 2992 2245 3041 ⁴

412 3069 531 3137 fius
570 3072 865 3140 incendiis
891 3120 915 3158 ,
962 3076 1286 3167 Cethegus
1330 3075 1503 3141 caedi
1530 3095 2013 3164 praeponeretur
2035 3118 2059 3159 ,

415 3161 655 3243 tronio,
699 3179 771 3228 ut
784 3184 1108 3255 occuparet
1123 3166 1432 3233 Etruriam
1450 3209 1471 3246 ,
1515 3166 2049 3254 praescriberetur:
2206 3175 2243 3226 α

418 3252 627 3317 omnia
652 3251 1116 3335 ordinarentur,
1161 3255 1669 3335 instituerentur,
1703 3273 2194 3346 pararentur-
2224 3266 2243 3342 l

416 3335 535 3403 fuir.
562 3342 761 3417 Sulla,¹
807 3342 1098 3410 Corneli?
1141 3367 1290 3410 num
1322 3346 1603 3410 Romae?
1649 3346 1973 3434 Immolet}
2019 3330 2243 3416 ed
