2480 6559
316 1699 454 1782 '148
893 1690 1581 1755 Onna-10

325 1804 447 1872 fine
475 1801 749 1890 quinque
775 1792 1158 1881 praetoribus
1182 1834 1204 1873 ‚
1248 1792 1448 1858 tribus
1468 1786 1890 1879 quaestoribus
1918 1832 1946 1870 ,
1984 1798 2187 1881 qun-⁶*

329 1911 474 1959 tuor
500 1885 838 1962 mensariis,
878 1884 986 1968 qui
1010 1881 1172 1969 apud
1205 1882 1341 1947 illos
1366 1904 1401 1947 a
1430 1880 1661 1968 populo
1690 1896 1997 1945 creantur.
2067 1882 2178 1950 E!-

330 1982 458 2048 hoc
487 1993 662 2043 tanto
691 1991 949 2038 numero
978 1968 1280 2035 dedue'tus
1306 1970 1400 2035 est
1427 1990 1645 2034 nemo:
1689 1968 1794 2047 δε,
1834 1988 1990 2034 cum
2009 1969 2182 2039 ilhn-

327 2066 664 2158 pecuniam
712 2059 1078 2126 nominatim
1124 2057 1345 2126 Flacco
1382 2057 1585 2123 datam
1607 2055 1874 2122 referant
1904 2105 1926 2135 ,
1971 2057 2186 2149 mnjo'*

331 2178 467 2224 rem
495 2155 678 2220 etiam
708 2150 973 2235 aliquam
1001 2169 1147 2213 cum
1179 2147 1326 2212 huic
1349 2146 1535 2215 iidem
1564 2145 1819 2226 darent,
1859 2145 1930 2213 in
1955 2146 2182 2218 aeda·-

329 2245 551 2313 sacram
598 2235 993 2306 reficiendam
1029 2235 1088 2302 se
1132 2235 1526 2325 perscripfiss‘e
1553 2235 1801 2301 dicunt:
1845 2235 2033 2324 quod
2062 2239 2186 2307 ώ-

332 2331 504 2398 nime
530 2329 842 2394 convenit.
882 2345 1018 2392 nam
1045 2343 1153 2390 aut
1184 2326 1389 2391 omnia
1415 2324 1661 2390 occulte
1687 2322 2022 2392 referenda
2039 2324 2186 2394 suo*

334 2437 521 2499 runt,
564 2434 672 2483 aut
697 2431 903 2503 aperte
935 2417 1161 2479 omnia.
1209 2434 1355 2479 cum
1386 2412 1767 2501 perscribunt
1794 2415 2175 2496 nominatim

336 2509 597 2585 Flacco,
624 2503 775 2570 nihil
803 2504 1066 2583 timent,
1092 2502 1247 2568 nihil
1269 2519 1574 2568 verentur.
1613 2521 1759 2566 cum
1773 2505 1959 2589 operi
1975 2504 2186 2593 puli}

339 2617 422 2661 co
459 2594 731 2660 referunt
755 2636 777 2672 ,
817 2591 1000 2656 iidem
1043 2591 1327 2656 homines
1369 2588 1568 2656 subito
1612 2587 1874 2654 eundem
1911 2637 1942 2676 ,
1985 2607 2186 2684 quel}

341 2679 824 2760 contemserant,
851 2679 1308 2768 pertimescunt.
1365 2678 1430 2743 Si
1464 2695 1709 2765 praetor
1734 2676 1952 2761 dedit,
1989 2699 2072 2750 ut
2089 2679 2185 2750 ε.

341 2774 637 2858 scriptum
667 2812 689 2849 ‚
732 2789 769 2832 a
807 2765 1123 2855 quaestore
1155 2768 1497 2833 numeravit
1524 2811 1548 2848 ‚
1586 2766 1871 2854 quaestor
1898 2788 1943 2833 a
1973 2767 2185 2849 meffl

339 2857 631 2947 publica,
654 2856 858 2921 mensa
880 2872 989 2920 aut
1003 2875 1084 2920 ex
1102 2855 1423 2945 veffigssi,
1448 2873 1554 2920 aut
1565 2876 1643 2920 ex
1655 2852 1926 2922 tributo:
1961 2857 2184 2928 Nu*

340 2967 528 3036 quam
559 2948 677 3011 erit
706 2943 865 3010 istud
899 2943 1086 3009 fimile
1107 2945 1409 3023 criminis,
1452 2941 1563 3009 nifi
1591 2943 1738 3008 mihi
1770 2948 2182 3018 totammt‘n·

337 3058 489 3103 nem
537 3034 708 3100 omni
738 3033 804 3098 &
832 3031 1476 3187 personamu‘x'fenere
1505 3032 1570 3098 &
1596 3030 1946 3102 littemrum
1977 3035 2177 3196 «ιζ

341 3124 529 3191 caris:
572 3122 710 3203 vel,
751 3120 916 3208 quod
941 3122 1118 3187 estin
1148 3142 1184 3186 e
1271 3142 1372 3188 em
1402 3122 1652 3187 decreto
1682 3119 2027 3212 scriptum,
2113 3138 2120 3144 ·
2161 3140 2173 3151 ⁴

338 3214 539 3278 mines
568 3209 915 3277 clariffimos
940 3213 1238 3294 civitatis,
1282 3209 1651 3298 ampliffimis
1666 3209 2171 3299 usoshonoribmfi

341 3301 468 3366 hoc
511 3317 788 3386 praetore
835 3303 1299 3365 circumventos.
1356 3321 1467 3364 cur
1509 3299 1574 3363 hi
1614 3319 1818 3386 neque
1857 3301 1924 3366 in
1944 3302 2182 3394 jud&

527 3430 528 3433 η
647 3386 938 3449 Πευεὶη
970 3386 1223 3447 decreto
1294 3408 1329 3447 ῡ
1404 3390 1496 3449 *121
1656 3386 1678 3433 ³
