2480 6559
316 1707 463 1788 624
896 1695 1636 1762 ona-tro

325 1825 451 1874 nec
482 1823 587 1870 me
610 1798 808 1867 solum
834 1796 1306 1890 deprecatorem
1346 1793 1773 1865 fortunarum
1799 1812 1936 1865 tuar

329 1896 623 1961 comitem
636 1889 989 1976 sociumque
999 1883 1373 1977 profitebor.
1431 1887 1670 1975 Atque
1685 1931 1709 1968 ,
1726 1905 1800 1954 ut
1813 1886 1936 1977 sper

331 1983 456 2050 erit
471 1978 844 2048 tnmcrudeli
857 1978 1062 2042 animo
1081 2024 1100 2054 ,
1127 1992 1398 2062 tamque
1417 1978 1784 2042 inhumano
1798 2021 1821 2057 ‚
1840 1997 1936 2042 ne<

338 2091 584 2138 memor
599 2089 723 2135 non
737 2068 938 2131 dicam
955 2086 1235 2131 meorum
1255 2066 1323 2130 in
1338 2063 1562 2133 bonos
1577 2070 1936 2133 meritorum

340 2180 563 2226 norum
581 2160 645 2223 in
660 2177 758 2222 me
772 2200 795 2235 ,
809 2157 968 2245 quia
981 2175 1085 2220 me
1099 2155 1224 2220 mei
1237 2152 1642 2220 servatorem
1662 2156 1880 2244 mpitis
1893 2155 1936 2218 d.

341 2248 650 2314 distrahat.
715 2245 783 2309 N
791 2264 876 2307 on
892 2264 1015 2334 ego
1027 2244 1179 2311 meis
1195 2260 1510 2309 ornatum
1523 2242 1658 2309 ben
1666 2246 1863 2311 eficiis
1877 2265 1936 2309 au

340 2354 565 2425 precor
576 2376 600 2413 ‚
622 2332 860 2419 judices
873 2376 897 2413 ‚
908 2331 1011 2398 sed
1026 2331 1350 2398 custodem
1369 2333 1601 2400 salutis
1618 2354 1800 2398 meae
1815 2360 1832 2401 ε
1861 2356 1936 2399 no

340 2422 655 2489 contendo
668 2464 691 2501 ‚
711 2441 836 2485 non
851 2420 1215 2487 aueboritate
1228 2463 1251 2502 ,
1266 2442 1407 2486 non
1422 2441 1579 2512 grat
1586 2424 1672 2499 ἰαὶ
1689 2424 1789 2489 sed
1850 2443 1936 2489 rec

340 2511 623 2609 lacrymis
636 2554 659 2590 ‚
676 2509 772 2574 sed
791 2509 1220 2576 misericordia:
1241 2530 1652 2599 mecumque
1667 2534 1779 2577 vos
1795 2447 1933 2577 simu

338 2598 616 2666 sommus
644 2599 710 2664 δι
739 2598 1012 2688 optimus
1042 2598 1393 2664 obtestatur
1426 2621 1670 2688 parens
1683 2647 1706 2682 ,
1737 2602 1803 2666 &
1815 2623 1921 2689 pro

340 2685 470 2754 duo
487 2704 687 2776 patres
699 2685 1114 2775 deprecamur.
1145 2688 1212 2755 N
1218 2687 1695 2775 olite,judices‚
1710 2710 1935 2779 pei-vos,

343 2791 524 2842 tunas
553 2797 664 2865 per
677 2774 899 2841 liberos
915 2775 1142 2842 vestros
1154 2820 1176 2856 ,
1205 2777 1491 2842 inimicis
1506 2781 1671 2846 meis
1683 2829 1702 2856 ,
1717 2783 1802 2846 his
1809 2799 1936 2865 ρης

343 2884 501 2967 quos
528 2887 649 2956 ego
679 2885 795 2952 pro
819 2864 1012 2931 vestra
1040 2864 1226 2931 salute
1241 2863 1521 2954 suscepi,
1554 2866 1702 2933 dare
1712 2868 1937 2933 laetitian

343 2954 643 3021 nantibus
668 2975 780 3022 vos
800 2956 929 3039 jam
944 2952 1172 3018 oblitos
1186 2955 1309 3018 mei
1325 2951 1677 3043 salutisque
1690 2959 1823 3045 ejus,
1845 2976 1873 3018 a
1886 2974 1938 3039 qi

345 3042 499 3111 salus
543 3046 893 3111 conservata
915 3042 1002 3107 est
1013 3086 1036 3123 ‚
1077 3042 1274 3109 hostes
1303 3062 1389 3109 ex
1397 3042 1645 3112 stitiss'e.
1705 3046 1864 3111 nolite
1882 3063 1938 3105 an

343 3154 559 3199 meum
588 3131 911 3199 debilitare
937 3150 1071 3199 tum
1101 3129 1274 3198 lustu
1287 3175 1307 3212 ‚
1341 3150 1489 3198 tum
1522 3137 1713 3199 etiam
1730 3150 1938 3199 metum

343 3238 508 3288 tatae
532 3220 760 3288 vestrae
789 3221 1116 3288 voluntatis
1129 3241 1274 3310 erga
1289 3241 1423 3286 me:
1477 3222 1664 3288 finite
1682 3245 1805 3302 me,
1831 3241 1938 3310 quon·

344 3309 533 3377 frenis
560 3310 707 3376 huic
733 3310 909 3397 saepe
925 3309 1173 3397 promisi
1187 3351 1210 3390 ,
1241 3309 1300 3375 id
1315 3330 1352 3374 a
1369 3309 1558 3377 vobis
1573 3316 1633 3377 ei
1650 3312 1935 3401 persolvere
