2480 6559
171 1631 259 1721 78
745 1626 813 1692 Ο
892 1645 940 1692 ιι
1013 1647 1055 1689 Α
1134 1649 1180 1694 ¹1·
1271 1647 1299 1692 1
1379 1638 1427 1692 o
1562 1661 1571 1669 ·

169 1759 355 1831 atque
393 1757 534 1806 eum
569 1732 652 1801 de
681 1735 774 1801 his
798 1733 977 1800 rebus
995 1730 1131 1821 juffi
1160 1777 1182 1813 ,
1228 1732 1272 1799 fi
1298 1730 1442 1824 quid
1466 1732 1687 1817 vellet,
1729 1755 1826 1827 qu·

167 1851 273 1898 me
311 1828 522 1893 allatae
551 1823 776 1905 effent,
819 1825 1045 1890 dicere.
1116 1826 1321 1909 Atque
1347 1823 1484 1903 ine,
1522 1839 1590 1890 ut
1613 1825 1826 1916 sempe

167 1914 604 2007 apertiffimus‚
633 1933 758 1977 non
786 1912 845 1979 se
873 1912 1196 2002 purgavit,
1227 1910 1329 1976 led
1362 1913 1648 1979 indicavit
1674 1933 1734 1980 at
1786 1940 1825 1983 u

166 2010 320 2073 duit.
359 2024 495 2071 tum
540 2004 705 2067 enim
747 2001 908 2067 dixit
933 2045 956 2082 ,
995 2004 1121 2064 duo
1160 2020 1413 2089 corpora
1438 2001 1557 2066 effe
1585 2006 1716 2092 reip
1806 2010 1826 2074 1

167 2116 364 2162 unum
395 2089 602 2158 debile
630 2135 653 2171 ,
697 2089 938 2156 infirmo
967 2089 1192 2178 capite:
1237 2093 1496 2155 alterum
1531 2089 1819 2178 firmum,

164 2186 400 2272 eapite:
446 2182 629 2262 huie,
669 2200 813 2245 cum
846 2180 931 2245 ita
957 2179 1035 2244 de
1065 2178 1123 2244 se
1150 2184 1444 2245 meritum
1472 2181 1651 2262 ess'et‚
1682 2203 1825 2273 capt

164 2274 311 2339 vivo
338 2317 362 2353 ‚
404 2294 526 2337 non
553 2269 925 2336 destiturum.
983 2269 1364 2359 Congemuit
1392 2267 1632 2335 senatus
1662 2271 1824 2362 freqt

164 2381 371 2451 neque
405 2378 611 2426 tamen
654 2360 784 2425 satis
811 2358 1006 2424 severe
1036 2381 1151 2448 pro
1179 2360 1267 2422 rei
1298 2358 1663 2448 indignitate
1694 2361 1824 2428 deci

162 2472 304 2517 nam
333 2452 550 2538 partim
581 2447 723 2513 ideo
749 2445 936 2513 fortes
964 2449 1028 2513 in
1058 2447 1446 2513 decernendo
1474 2466 1823 2533 nouerant,

164 2539 321 2606 'nihil
348 2536 678 2604 timebant:
724 2538 947 2625 partim
975 2580 999 2616 ,
1034 2539 1172 2624 quia
1198 2536 1511 2604 timebant.
1586 2539 1761 2604 Tum
1790 2562 1824 2605 e

164 2649 203 2691 e
231 2630 435 2693 senatu
462 2626 838 2716 triumphans
866 2624 1093 2714 gaudio
1126 2669 1148 2705 ,
1186 2646 1371 2712 quem
1396 2629 1651 2691 omnino
1676 2630 1821 2693 vivu

164 2717 293 2784 linc
336 2716 506 2782 exite
548 2735 674 2780 non
716 2731 1105 2803 oportuerat:
1152 2714 1493 2801 praesertim
1521 2736 1663 2781 cum
1690 2717 1824 2784 iden

160 2806 229 2872 in
254 2804 474 2871 eodem
501 2802 716 2870 ordine
746 2804 954 2892 paucis
982 2800 1196 2867 diebus
1221 2820 1366 2866 ante
1385 2801 1647 2883 Catoni,
1676 2804 1823 2872 forti

158 2895 335 2975 viro,
356 2893 659 2981 judicium
690 2893 998 2958 minitanti
1015 2911 1084 2956 ac
1100 2890 1527 2972 denuntianti,
1557 2892 1814 2979 respond

164 2982 209 3049 fi
243 2982 412 3072 quod
444 2980 593 3048 effet
619 2983 684 3047 in
711 2980 842 3048 suas
867 2978 1503 3045 fortunasincendium
1521 2982 1822 3047 excitatut

133 3068 220 3139 5se
249 3092 376 3139 non
403 3092 594 3160 aqua,
634 3069 737 3137 sed
766 3069 940 3135 ruina
963 3067 1419 3135 restinfiimrum.
1495 3067 1616 3136 His
1639 3086 1776 3135 tum
1804 3092 1822 3136 ι

161 3180 547 3241 commouit,
573 3158 639 3225 &
666 3156 831 3247 quod
859 3158 1135 3226 homines
1152 3158 1276 3247 jam
1308 3177 1446 3224 tum
1474 3159 1822 3246 conjuratos

163 3250 376 3338 gladiis
405 3248 470 3313 in
500 3270 786 3336 campum
811 3246 1367 3313 deduciaCatilina
1379 3245 1638 3314 sciebam
1656 3293 1677 3329 ‚
1703 3246 1822 3315 des«
