2480 6559
331 1740 460 1804 300
901 1708 1623 1781 Οιιιτιό

325 1845 472 1890 nem
512 1819 820 1888 calamitas
853 1837 1105 1883 omnem
1147 1814 1492 1883 tabulamm
1534 1816 1731 1884 fidem
1769 1794 2099 1906 refiguffl

325 1911 641 1987 Metellus,
656 1910 847 1973 homo
858 1905 1238 1975 sanffiffimus
1251 1905 1834 1996 modestiffimustlue
1845 1899 2099 1970 omtz‘·

322 2020 495 2067 tanta
520 1998 842 2087 diligentia
864 1995 984 2064 fuit
995 2041 1020 2078 ,
1045 2013 1117 2062 ut
1132 1995 1208 2059 ad
1221 1997 1300 2062 L.
1316 1995 1657 2062 Lentulum
1673 2013 2099 2084 praetore-

329 2089 650 2179 adjudices
661 2086 936 2165 venerit,
950 2086 1016 2151 &
1032 2085 1212 2153 unius
1228 2087 1489 2149 nominis
1502 2084 1678 2151 litura
1688 2084 1754 2151 se
1763 2105 2098 2151 comm—»2

331 2178 453 2242 ess'e
466 2177 714 2242 dixerit.
766 2173 886 2240 His
901 2175 1089 2265 igitur
1104 2173 1323 2238 tabulis
1337 2173 1567 2238 nullam
1585 2173 1837 2241 lituram
1851 2174 2098 2242 innon

331 2267 411 2332 A.
428 2265 653 2332 Licinii
669 2261 902 2329 videtis.
951 2262 1135 2350 Qae
1148 2283 1295 2327 cum
1314 2264 1400 2327 ita
1411 2262 1562 2343 fint,
1573 2262 1730 2350 quid
1747 2262 1873 2343 est,
1889 2283 2098 2352 qun:

326 2349 1715 2528 32222353{²233335535p1z‘38052‘32231220533
1728 2372 1814 2505 ἵε
1891 2441 2098 2507 20.-
1999 2372 2098 2417 ε·

331 2530 538 2597 multis
556 2576 577 2610 ‚
588 2532 653 2595 &
668 2550 774 2593 aut
787 2530 970 2609 nulla,
985 2547 1089 2593 aut
1102 2528 1320 2594 humili
1335 2528 1535 2618 aliqua
1546 2546 1675 2597 arte
1692 2527 2098 2617 praedium'

331 2624 495 2686 tuito
539 2621 847 2686 civitatem
891 2619 954 2682 in
994 2617 1259 2682 Graecia
1298 2619 1579 2684 homines
1610 2617 2098 2705 impertieb-

332 2711 664 2799 Rheginos
674 2706 861 2771 credo
876 2751 899 2785 ‚
926 2724 1032 2771 aut
1049 2706 1379 2771 Locrenses
1394 2751 1416 2786 ,
1429 2724 1533 2773 aut
1552 2708 1624 2771 N
1626 2706 2098 2794 capolim

327 2799 701 2864 Tarentinos
715 2838 736 2874 ‚
752 2793 922 2880 quod
937 2795 1180 2860 scenicis
1196 2793 1526 2860 artificibus
1538 2796 1752 2883 largiri
1764 2793 2097 2862 solebam

331 2889 480 2952 huic
494 2930 517 2967 ‚
540 2888 767 2952 summa
791 2884 1024 2974 ingenii
1038 2884 1311 2970 praedito
1322 2884 1557 2972 gloria,
1587 2882 1865 2952 noluisse.
1926 2882 2026 2955 Ο

329 2998 482 3045 cum
508 2976 698 3041 ceteri
726 2992 856 3036 non
883 2974 1072 3038 modo
1088 2973 1221 3061 post
1247 2973 1558 3039 civitatem
1587 2973 1830 3055 datam,
1852 2969 1941 3039 sed
1962 2968 2096 3038 βε
