2480 6559
357 1748 488 1811 234
913 1719 980 1785 Ο
1063 1739 1116 1785 R
1194 1741 1241 1788 A
1326 1740 1369 1783 T
1458 1741 1486 1782 1
1571 1745 1613 1786 0

347 1830 584 1911 fuifl'et,
619 1826 868 1909 auetor,
894 1826 1169 1914 adjutor,
1197 1826 1494 1914 particeps
1522 1825 1796 1905 exstitit,
1825 1850 1922 1897 cu·

345 1943 519 2011 ceps,
551 1940 696 1984 cum
714 1917 959 1995 auelor,
987 1937 1132 1982 curn
1150 1914 1395 2003 fignifer
1408 1915 1551 1980 ess'et
1558 1917 1917 2003 juventutis

347 2011 510 2097 ejus,
537 2010 732 2073 homo
748 2002 1172 2073 amantiffimus
1187 2004 1450 2092 patriae,
1481 2008 1922 2074 maximianim

343 2101 431 2163 mi
459 2095 739 2176 consilii,
778 2093 1091 2185 [iugulatis
1120 2093 1491 2160 constantiae
1520 2137 1544 2174 ,
1586 2117 1733 2161 cum
1770 2095 1922 2165 effen

343 2201 546 2250 tamen
572 2184 858 2251 omnibus
885 2182 1066 2249 rebus
1083 2184 1195 2248 illis
1209 2180 1517 2248 interfuit:
1561 2205 1912 2272 numquam

341 2273 636 2362 digress'us
667 2322 685 2353 ,
729 2273 931 2339 studio
956 2317 980 2353 ,
1021 2271 1307 2353 confili0,
1352 2271 1720 2339 au&oritate
1754 2296 1922 2345 unm

340 2363 677 2449 plurimum
704 2406 724 2442 ,
768 2384 911 2428 cum
955 2360 1372 2428 infirmitatem
1420 2367 1692 2449 corporis
1719 2365 1922 2432 animi

336 2452 658 2538 superaret.
704 2450 974 2519 Videsne
990 2495 1012 2531 ‚
1039 2470 1108 2516 ut
1123 2451 1366 2540 eripiam
1386 2467 1448 2515 te
1464 2472 1542 2515 ex
1559 2450 1922 2538 improbort

339 2558 403 2606 ta
426 2541 655 2629 gratia,
686 2540 749 2606 ὃ(
780 2539 1171 2606 reconciliem
1215 2541 1390 2606 bonis
1407 2539 1736 2606 omnibus?
1786 2544 1914 2633 qui

336 2630 577 2716 ligunt,
621 2631 685 2696 &
715 2632 1014 2710 retinent,
1055 2628 1533 2717 retinebuntque
1562 2633 1841 2716 semper:
1893 2657 1922 2702 1

334 2738 437 2782 me
464 2717 623 2784 forte
651 2718 1004 2799 desciveris,
1049 2717 1282 2784 idcirco
1313 2735 1376 2784 te
1407 2742 1443 2783 a
1468 2718 1563 2798 se,
1591 2718 1656 2782 ὃ(
1689 2742 1723 2782 a
1756 2742 1921 2810 repu

332 2827 368 2871 a
395 2823 500 2872 tua
521 2807 826 2896 dignitate
851 2807 1117 2874 deficere
1148 2809 1475 2895 patientur.
1550 2809 1670 2872 Sed
1703 2808 1846 2894 jam
1877 2832 1920 2876 n

329 2896 600 2961 caulam:
645 2915 826 2983 atque
857 2897 978 2977 hoc
1004 2919 1145 2976 VOS,
1179 2896 1444 2977 judices,
1475 2896 1696 2961 testor:
1746 2900 1919 2967 mihi

329 2985 589 3071 metipso
626 3003 751 3050 tarn
781 2985 972 3050 multa
1001 2985 1243 3050 dicendi
1273 2984 1576 3051 neceffitas
1610 2987 1920 3071 quaedam

325 3072 432 3138 fita
457 3075 545 3139 est
576 3073 650 3139 ab
681 3074 803 3140 illo.
864 3074 1072 3151 Nam,
1102 3072 1147 3138 fi
1178 3074 1531 3161 Torquatus
1566 3074 1805 3141 Sullam
1840 3078 1920 3144 sol

320 3161 605 3244 cusass'et,
635 3183 755 3253 ego
787 3183 1034 3250 quoque
1061 3161 1181 3226 hoc
1206 3182 1483 3250 tempore
1512 3162 1661 3228 nihil
1685 3163 1920 3256 aliudq·

325 3249 432 3317 nifi
464 3273 638 3331 eum,
688 3254 788 3338 qui
820 3252 1125 3317 aecusatus
1157 3252 1303 3317 cl‘l'et
1332 3296 1353 3331 ,
1399 3250 1837 3317 defenderem:
1886 3259 1922 3321 fi

301 3338 429 3407 fille
475 3360 606 3406 tota
649 3342 745 3402 illa
784 3342 1058 3406 tii-atione
1108 3346 1168 3406 in
1218 3363 1314 3406 mc:
1357 3342 1495 3406 effist
1527 3338 1808 3406 ἱηνεὲὶῑιιε
1915 3378 1922 3402 .
