2480 6559
323 1770 453 1843 196
893 1758 1713 1829 ΟιΑα-ιο·

322 1889 508 1954 quam
550 1887 657 1931 vos
694 1866 1025 1931 universam
1068 1869 1132 1931 in
1171 1866 1291 1929 hoc
1322 1863 1558 1952 judicio
1599 1860 1809 1929 vestris
1831 1864 1998 1931 hume

322 1956 563 2034 vesti-h,
606 1958 877 2042 inquam,
915 1956 1212 2034 humeth,
1230 1954 1494 2041 judices,
1518 1952 1832 2019 sustinetis.
1875 1951 1998 2018 vide

322 2043 385 2108 in
411 2065 541 2130 quo
571 2061 746 2106 motu
777 2062 1160 2131 temporum,
1187 2061 1410 2130 quanta
1436 2045 1498 2106 in
1525 2041 1998 2108 conversionem

322 2152 395 2195 ac
428 2130 881 2218 penurbatione
908 2130 1228 2197 versemur.
1312 2134 1479 2197 Cum
1507 2130 1620 2194 alia
1647 2129 1998 2198 multaoenu

324 2217 518 2282 mines
546 2262 568 2298 ,
619 2237 748 2286 tum
791 2221 913 2285 hoc
951 2218 1050 2284 vel
1093 2221 1357 2284 maxime
1385 2219 1716 2283 moliuntur
1743 2264 1766 2300 ‚
1813 2237 1883 2284 ut
1906 2212 1998 2282 ΨΕΩ

324 2328 575 2394 quoque
622 2328 854 2373 mentes
878 2352 900 2387 ,
939 2308 1130 2373 vestra
1167 2306 1395 2394 judicia
1418 2352 1443 2387 ‚
1484 2306 1714 2370 vestrae
1756 2305 1998 2373 sentent!

324 2396 563 2481 optimo
606 2399 823 2481 cuique
866 2395 1258 2460 infestiffimae
1298 2416 1478 2483 atque
1509 2396 1953 2462 inimicissimae

325 2484 581 2547 riantur.
620 2487 829 2572 gravia
846 2484 1084 2573 judicia
1098 2504 1212 2570 pro
1227 2483 1595 2571 reipublicae
1612 2483 1908 2572 dignitate
1917 2514 1950 2564 ,ι
1967 2486 1978 2494 '

327 2590 391 2637 ta
430 2571 511 2634 de
554 2575 1004 2659 conjuratorum
1051 2572 1270 2637 scelere
1312 2572 1544 2638 fecistis.
1594 2593 1720 2636 non
1762 2562 1998 2663 putanti

327 2663 671 2727 conversam
729 2660 1167 2748 rempublicam
1196 2703 1219 2741 ,
1258 2661 1368 2726 nifi
1410 2665 1475 2727 in
1516 2660 1770 2727 eandem
1814 2652 1998 2749 impin

329 2767 591 2835 poenam
622 2752 854 2835 optime
885 2752 1134 2813 meritos
1163 2751 1327 2814 cives
1357 2749 1733 2819 detruserint.
1794 2749 1901 2837 op

332 2836 419 2901 est
444 2838 524 2902 C.
542 2839 866 2904 Antonius.
925 2836 1087 2902 esto:
1132 2838 1345 2903 babuit
1374 2836 1674 2925 quandam
1703 2838 1850 2903 illei

334 2924 533 2990 summ
578 2947 779 3013 neque
805 2946 1005 2992 tamen
1035 2925 1135 2989 ille
1169 2927 1322 3015 ipse,
1349 2946 1464 3012 pro
1495 2946 1634 2991 meo
1657 2927 1798 3013 jure
1825 2927 1998 3002 dico,¹

336 3012 428 3078 bis
471 3014 774 3100 judicibus
812 3014 1128 3079 damnatus
1171 3014 1364 3080 ess‘et:
1422 3014 1597 3098 cujus
1634 3014 1998 3116 ἀειωιιιῑίαξ

334 3102 662 3189 pulchrum
704 3104 787 3169 L.
819 3102 1116 3168 Catilinae
1159 3102 1407 3169 floribus
1451 3121 1731 3169 ornatum
1760 3148 1784 3186 ,
1822 3099 1998 3173 homin

335 3190 847 3257 audaciffimorum
905 3212 975 3256 ac
1017 3190 1483 3256 domesticorum
1531 3191 1795 3274 hostium
1832 3207 1998 3261 com

340 3282 649 3367 epulifique
692 3278 1065 3346 celebratum
1118 3282 1236 3346 est:
1271 3278 1426 3367 justa
1467 3278 1769 3346 Catilinae
1851 3289 1943 3335 «ἔν’-
1986 3303 1989 3310 ·
