2480 6559
409 1743 529 1824 ¹98
981 1738 1663 1807 Onna-10

407 1866 509 1913 me
553 1846 812 1911 audierit
831 1887 856 1922 ,
896 1841 968 1909 fit
994 1842 1183 1909 modo
1211 1839 1368 1909 liber
1394 1841 1459 1906 &
1485 1844 1629 1909 civis
1655 1885 1681 1923 ‚
1715 1842 1869 1931 quin
1905 1861 2005 1934 po!

409 1937 691 2023 praemiis
732 1933 884 1998 meis
905 1976 929 2014 ,
981 1954 1166 2021 quam
1203 1930 1283 1996 de
1337 1951 1531 2019 poena
1571 1931 2002 2021 cogitandum.

318 2037 399 2100 39
416 2024 582 2089 Odii
599 2020 995 2098 immortales!
1044 2019 1188 2109 quid
1204 2018 1324 2084 hoc
1340 2019 1639 2086 miserius?
1666 2041 1779 2086 nos
1794 2065 1818 2103 ‚
1888 2022 2005 2087 uu?

416 2112 552 2178 tulo
580 2109 808 2178 ferrum
832 2109 897 2174 δε
923 2109 1224 2176 flammam
1251 2107 1331 2174 de
1360 2107 1633 2173 manibus
1658 2129 1810 2177 exto
1881 2130 2004 2176 mm

414 2203 645 2290 peritae
672 2198 1315 2265 multitudinis‘udicio
1326 2196 1723 2266 confidimus:
1767 2196 2003 2266 lestiffin

417 2289 645 2361 civium
676 2330 698 2368 ,
736 2289 803 2353 δί
841 2287 1018 2376 ampl'
1068 2306 1325 2352 unorum
1369 2283 1690 2353 sententias
1730 2289 2003 2378 pen-time!

418 2379 534 2442 M'.
551 2376 872 2464 Aquilium
898 2393 1092 2465 patres
1120 2374 1306 2441 nostri
1333 2374 1539 2441 multis
1566 2379 1844 2445 avaritiae
1868 2379 2003 2444 crim

391 2464 783 2531 .testimoniis
812 2486 892 2529 ue
918 2461 1309 2544 commum,
1335 2466 1479 2551 quia
1500 2483 1645 2532 cum
1677 2464 1958 2556 fugitivis
1980 2464 2003 2533 f

418 2553 645 2620 bellum
661 2575 740 2643 ge
789 2571 940 2634 etat,
944 2552 1176 2642 judicio
1188 2550 1609 2620 liberaverunt.
1642 2554 1878 2620 Consul
1895 2575 2003 2645 ego

418 2640 668 2708 defendi
711 2640 790 2707 C.
805 2644 1121 2709 Pisonem:
1164 2642 1273 2730 qui
1314 2641 1456 2728 quia
1477 2643 1686 2710 consul
1721 2642 1898 2709 fortis
1923 2663 2003 2709 eo:

420 2751 547 2817 que
572 2731 801 2812 fuerat,
832 2730 1155 2798 incolumis
1182 2729 1268 2794 est
1292 2729 1652 2817 reipublicae
1676 2734 2003 2800 conservati

420 2818 596 2885 feudi
638 2822 787 2886 item
832 2820 1039 2885 consul
1079 2820 1158 2885 L.
1191 2818 1518 2884 Murenam
1547 2864 1571 2901 ‚
1610 2821 1919 2887 consulem
1955 2818 2002 2887 d·

425 2927 582 2978 tum.
628 2928 813 2972 nemo
839 2908 1082 2973 illorum
1104 2906 1428 2995 judicum,
1456 2908 1783 2975 clariffimis
1797 2912 2002 2975 vit-isa

427 2998 630 3077 tibus,
674 2994 1041 3061 audiendum
1070 2992 1187 3059 fibi
1214 2994 1293 3059 de
1319 2994 1565 3082 ambitu,
1582 2998 1846 3086 putavit,
1889 3019 2002 3066 cun

426 3088 554 3151 lum
577 3088 700 3171 jam
732 3104 984 3173 gerente
1011 3083 1307 3164 Catilina,
1354 3107 1602 3167 omnes,
1641 3109 1739 3152 me
1770 3086 2002 3153 ιιιᾶοιτ

425 3175 700 3239 consules
743 3172 1032 3239 Kalendis
1059 3173 1347 3239 Ianuariis
1375 3173 1594 3240 scirent
1621 3175 1737 3239 css'e
1763 3193 2002 3263 oportet

421 3283 655 3327 nocens
691 3261 760 3326 ὃ(
789 3261 982 3327 bonus
1011 3262 1104 3326 vir
1132 3304 1155 3338 ‚
1198 3261 1265 3327 &
1295 3262 1574 3329 omnibus
1598 3265 1781 3329 rebus
1808 3281 2002 3334 ornan

430 3354 551 3417 hnc
583 3372 743 3421 amno
821 3370 917 3413 me
945 3348 1312 3413 defendente
1385 3349 1681 3417 abiblutus
1706 3352 1792 3417 est
1820 3351 2001 3417 Α.Τέ
