2480 6559
414 1649 506 1727 96
1003 1634 1695 1702 ORA'r1o

412 1744 673 1831 denique
690 1738 810 1827 ipse
821 1738 1129 1803 accusator
1145 1735 1348 1803 noster
1362 1736 1711 1804 Postumius
1724 1736 1963 1804 obviam
1980 1757 2136 1810 cum

409 1855 490 1898 ne
519 1851 744 1918 magna
770 1846 1009 1893 caterva
1038 1826 1140 1891 sua
1164 1828 1363 1892 venit:
1410 1827 1562 1916 quid
1588 1824 1777 1891 habet
1790 1826 1892 1891 ista
1905 1832 2129 1899 multit

409 1917 858 1986 admirationis?
901 1918 1126 1982 omitto
1142 1915 1393 1982 clientes
1409 1960 1432 1998 ,
1461 1916 1700 1982 vicinos
1714 1958 1737 1996 ,
1766 1916 2018 1984 tribules
2033 1963 2058 2001 ,
2074 1942 2136 1987 e:

409 2017 605 2074 eitum
638 2025 845 2071 totum
883 2005 1174 2086 Luculli,
1202 2008 1309 2103 qui
1340 2004 1416 2070 ad
1447 2006 1834 2094 triumphum
1865 2027 2136 2093 percos·

409 2114 677 2163 venerat.
697 2097 817 2160 hoc
833 2093 998 2176 dico,
1015 2094 1422 2183 frequentiam
1443 2097 1505 2160 in
1522 2095 1637 2160 isto
1653 2093 1859 2160 officio
1874 2102 2136 2183 gratuita

407 2208 538 2250 non
565 2185 755 2249 modo
780 2184 1069 2275 dignitati
1097 2184 1279 2250 ullius
1310 2205 1606 2274 umquam
1641 2226 1665 2265 ‚
1705 2182 1806 2249 sed
1834 2205 1914 2247 ne
1941 2187 2135 2254 volun

409 2274 659 2361 quidem
685 2273 959 2339 defuiffe.
1024 2278 1108 2340 At
1123 2273 1496 2340 sectabantur
1509 2273 1711 2339 multi.
1766 2271 1981 2351 Doce,
2012 2297 2135 2343 me:

412 2367 524 2429 de:
571 2363 902 2430 concedam
930 2361 1049 2428 effe
1074 2363 1323 2428 crimen.
1378 2363 1499 2428 hoc
1515 2363 1767 2449 quidem
1785 2380 2069 2446 remoto,
2102 2388 2135 2457 q

318 2468 399 2531 34
416 2452 810 2542 reprehendis
827 2453 852 2518 ?
894 2452 1071 2537 Qid
1088 2473 1243 2539 opus
1257 2453 1362 2534 est,
1381 2454 1600 2542 inquit,
1616 2449 2050 2520 sectatoribus?
2065 2458 2132 2521 A

411 2562 483 2608 tu
516 2543 577 2604 id
608 2544 883 2628 quaeris,
912 2541 1060 2629 quid
1088 2562 1242 2628 opus
1271 2541 1474 2623 litto,
1500 2564 1627 2631 quo
1654 2543 1888 2628 semper
1902 2541 2135 2609 ufisum

406 2630 714 2697 Homines
739 2647 952 2695 tenues
981 2651 1176 2695 unum
1207 2630 1434 2696 habent
1461 2633 1524 2695 in
1554 2630 1819 2695 nostrum
1837 2630 2127 2696 ordinem

404 2720 796 2807 promerendi
811 2761 833 2799 ,
846 2736 952 2784 aut
967 2717 1315 2807 proferendi
1328 2719 1616 2784 beneficii
1626 2720 1858 2798 locum,
1877 2723 2034 2784 hanc
2050 2723 2122 2787 in

405 2808 540 2872 stris
569 2806 975 2896 petitionibus
1003 2827 1285 2896 operam,
1314 2827 1499 2894 atque
1524 2806 1992 2872 affectationem.
2040 2831 2129 2876 ne

404 2901 572 2962 enim
606 2896 739 2961 ficri
763 2896 995 2985 potest,
1027 2916 1226 2983 neque
1256 2895 1684 2983 postulandum
1725 2893 1812 2957 est
1842 2895 2107 2979 anobiS,

404 2985 485 3048 ab
517 2987 826 3073 equitibus
853 2987 1153 3050 Romanis
1174 3028 1197 3064 ,
1242 3003 1316 3050 ut
1351 2985 1483 3050 suos
1513 2982 1864 3047 necess'arios
1895 2987 2133 3053 candid:

404 3076 708 3141 seete-ntur
723 3094 892 3141 totos
905 3074 1036 3137 dies
1052 3097 1069 3137 :
1085 3095 1121 3136 a
1134 3072 1357 3160 quibus
1372 3072 1414 3139 fi
1430 3072 1652 3137 domus
1666 3072 1866 3135 nostra
1877 3070 2133 3141 celebra*

406 3163 452 3229 fi
482 3165 788 3230 interdum
820 3163 897 3231 ad
915 3161 1117 3228 forum
1134 3162 1531 3242 deducimur,
1557 3161 1601 3227 fi
1618 3182 1745 3226 uno
1760 3159 2031 3226 basilicae
2046 3162 2133 3315 lap:

2092 3277 2133 3318 o
